<record><leader>00000cas a2200000 a 4500</leader><controlfield tag="001">58542526</controlfield><controlfield tag="008">050321c19uu9999miumr ne      0    0araoc</controlfield><datafield ind1=" " ind2=" " tag="010"><subfield code="a">  2005222682</subfield></datafield><datafield ind1=" " ind2=" " tag="040"><subfield code="a">CLU</subfield><subfield code="b">eng</subfield><subfield code="c">CLU</subfield><subfield code="d">CLU</subfield><subfield code="d">OCLCA</subfield><subfield code="d">OCLCQ</subfield><subfield code="d">OCLCA</subfield><subfield code="d">OCLCF</subfield></datafield><datafield ind1="1" ind2=" " tag="029"><subfield code="a">AU@</subfield><subfield code="b">000026837464</subfield></datafield><datafield ind1=" " ind2=" " tag="042"><subfield code="a">pcc</subfield></datafield><datafield ind1=" " ind2=" " tag="043"><subfield code="a">a-ye---</subfield></datafield><datafield ind1="0" ind2=" " tag="130"><subfield code="a">S&#803;awt al-wat&#803;an (Detroit, Mich.)</subfield></datafield><datafield ind1="1" ind2="0" tag="245"><subfield code="a">S&#803;awt al-wat&#803;an :</subfield><subfield code="b">s&#803;ah&#803;i&#772;fah mustaqillah bi-shu&#700;u&#772;n al-muha&#772;jiri&#772;n fi al-kha&#772;rij /</subfield><subfield code="c">tas&#803;duru fi&#772; Amri&#772;ka&#772; &#699;an Markaz al-I&#699;la&#772;m al-Yamani&#772; al-Amri&#772;ki&#772; = Sout alwatan.</subfield></datafield><datafield ind1="1" ind2="3" tag="246"><subfield code="a">Sout alwatan</subfield></datafield><datafield ind1="3" ind2="0" tag="246"><subfield code="a">Sout al watan</subfield></datafield><datafield ind1=" " ind2=" " tag="260"><subfield code="a">Detroit, MI :</subfield><subfield code="b">Markaz al-I&#699;la&#772;m al-Yamani&#772; al-Amri&#772;ki&#772;</subfield></datafield><datafield ind1=" " ind2=" " tag="300"><subfield code="a">v. :</subfield><subfield code="b">ill. (some col.) ;</subfield><subfield code="c">41 cm.</subfield></datafield><datafield ind1=" " ind2=" " tag="310"><subfield code="a">Monthly</subfield></datafield><datafield ind1=" " ind2=" " tag="525"><subfield code="a">Some numbers issued in combined form.</subfield></datafield><datafield ind1=" " ind2=" " tag="588"><subfield code="a">Description based on: al-&#699;Adad 45/46 (1/30/2002); title from caption.</subfield></datafield><datafield ind1=" " ind2=" " tag="588"><subfield code="a">Latest issue consulted: al-&#699;Adad 47 (28/2/2002).</subfield></datafield><datafield ind1=" " ind2="0" tag="651"><subfield code="a">Yemen (Republic)</subfield><subfield code="v">Newspapers.</subfield></datafield><datafield ind1=" " ind2="7" tag="655"><subfield code="a">Newspapers.</subfield><subfield code="2">fast</subfield><subfield code="0">(OCoLC)fst01423814</subfield></datafield><datafield ind1=" " ind2="7" tag="651"><subfield code="a">Yemen (Republic)</subfield><subfield code="2">fast</subfield><subfield code="0">(OCoLC)fst01309629</subfield></datafield><datafield ind1="2" ind2=" " tag="710"><subfield code="a">Markaz al-I&#699;la&#772;m al-Yamani&#772; al-Amri&#772;ki&#772;.</subfield></datafield><datafield ind1=" " ind2=" " tag="752"><subfield code="a">United States</subfield><subfield code="b">Michigan</subfield><subfield code="c">Wayne</subfield><subfield code="d">Detroit.</subfield></datafield></record>